<?xml version="1.0" encoding="UTF-8"?>
<marc:collection xmlns:marc="http://www.loc.gov/MARC21/slim" xmlns:xsi="http://www.w3.org/2001/XMLSchema-instance" xsi:schemaLocation="http://www.loc.gov/MARC21/slim http://www.loc.gov/standards/marcxml/schema/MARC21slim.xsd">
   <marc:record type="Bibliographic">
      <marc:leader>01321cam a2200277 a 4500</marc:leader>
      <marc:controlfield tag="001">781344</marc:controlfield>
      <marc:controlfield tag="003">NjP</marc:controlfield>
      <marc:controlfield tag="005">20161010171806.0</marc:controlfield>
      <marc:controlfield tag="008">840831s1983    ir       b    000|0 ara d</marc:controlfield>
      <marc:datafield tag="024" ind1="7" ind2=" ">
         <marc:subfield code="a">princeton_aco001332</marc:subfield>
         <marc:subfield code="2">local</marc:subfield>
      </marc:datafield>
      <marc:datafield tag="035" ind1=" " ind2=" ">
         <marc:subfield code="a">(OCoLC)28327342</marc:subfield>
      </marc:datafield>
      <marc:datafield tag="035" ind1=" " ind2=" ">
         <marc:subfield code="a">(CStRLIN)NJPG84-B48406</marc:subfield>
      </marc:datafield>
      <marc:datafield tag="035" ind1=" " ind2=" ">
         <marc:subfield code="9">ADS0885TS</marc:subfield>
      </marc:datafield>
      <marc:datafield tag="035" ind1=" " ind2=" ">
         <marc:subfield code="a">781344</marc:subfield>
      </marc:datafield>
      <marc:datafield tag="040" ind1=" " ind2=" ">
         <marc:subfield code="a">NjP</marc:subfield>
         <marc:subfield code="c">NjP</marc:subfield>
      </marc:datafield>
      <marc:datafield tag="100" ind1="1" ind2=" ">
         <marc:subfield code="a">Ḥurr al-ʻĀmilī, Muḥammad ibn al-Ḥasan,</marc:subfield>
         <marc:subfield code="d">1624-1693.</marc:subfield>
         <marc:subfield code="0">(uri)http://id.loc.gov/authorities/names/n85331643</marc:subfield>
      </marc:datafield>
      <marc:datafield tag="245" ind1="1" ind2="3">
         <marc:subfield code="a">al-Fawāʾid al-Ṭūsīyah /</marc:subfield>
         <marc:subfield code="c">li-muʾallifihi Muḥammad ibn Ḥasan al-Ḥurr al-ʻĀmilī ; nammaqahu wa-ʻallaqa ʻalayhi wa-ashrafa ʻalá ṭabʻihi Mahdī al-Lājwardī al-Ḥusaynī wa-Muḥammad Darūdī.</marc:subfield>
      </marc:datafield>
      <marc:datafield tag="260" ind1=" " ind2=" ">
         <marc:subfield code="a">Qum, Īrān :</marc:subfield>
         <marc:subfield code="b">al-Maṭbaʻah al-ʻIlmīyah,</marc:subfield>
         <marc:subfield code="c">1403 [1983]</marc:subfield>
      </marc:datafield>
      <marc:datafield tag="300" ind1=" " ind2=" ">
         <marc:subfield code="a">5, 564 p. ;</marc:subfield>
         <marc:subfield code="c">25 cm.</marc:subfield>
      </marc:datafield>
      <marc:datafield tag="504" ind1=" " ind2=" ">
         <marc:subfield code="a">Includes bibliographical references.</marc:subfield>
      </marc:datafield>
      <marc:datafield tag="650" ind1=" " ind2="0">
         <marc:subfield code="a">Hadith (Shiites)</marc:subfield>
         <marc:subfield code="x">Early works to 1800.</marc:subfield>
         <marc:subfield code="0">(uri)http://id.loc.gov/authorities/subjects/sh2008121359</marc:subfield>
      </marc:datafield>
      <marc:datafield tag="700" ind1="1" ind2=" ">
         <marc:subfield code="a">Lājwardī al-Ḥusaynī, Mahdī.</marc:subfield>
      </marc:datafield>
      <marc:datafield tag="700" ind1="1" ind2=" ">
         <marc:subfield code="a">Darūdī, Muḥammad.</marc:subfield>
      </marc:datafield>
      <marc:datafield tag="852" ind1="0" ind2=" ">
         <marc:subfield code="b">nec</marc:subfield>
         <marc:subfield code="t">2</marc:subfield>
         <marc:subfield code="h">BP193.27</marc:subfield>
         <marc:subfield code="i">.H877 1983</marc:subfield>
         <marc:subfield code="p">883064</marc:subfield>
         <marc:subfield code="x">reclassed from: 2271.398.334</marc:subfield>
      </marc:datafield>
      <marc:datafield tag="852" ind1="0" ind2=" ">
         <marc:subfield code="b">nec</marc:subfield>
         <marc:subfield code="h">BP193.27</marc:subfield>
         <marc:subfield code="i">.H877 1983</marc:subfield>
         <marc:subfield code="p">883065</marc:subfield>
         <marc:subfield code="x">reclassed from: 2271.398.334</marc:subfield>
      </marc:datafield>
      <marc:datafield tag="911" ind1=" " ind2=" ">
         <marc:subfield code="a">19930701</marc:subfield>
      </marc:datafield>
      <marc:datafield tag="912" ind1=" " ind2=" ">
         <marc:subfield code="a">19930622000000.0</marc:subfield>
      </marc:datafield>
      <marc:datafield tag="998" ind1=" " ind2=" ">
         <marc:subfield code="a">06/22/93</marc:subfield>
         <marc:subfield code="s">9118</marc:subfield>
         <marc:subfield code="n">NjP</marc:subfield>
         <marc:subfield code="w">NJPG84B48406</marc:subfield>
         <marc:subfield code="d">08/31/84</marc:subfield>
         <marc:subfield code="c">JAB</marc:subfield>
         <marc:subfield code="b">CS</marc:subfield>
         <marc:subfield code="i">930622</marc:subfield>
         <marc:subfield code="l">NJPG</marc:subfield>
      </marc:datafield>
   </marc:record>
</marc:collection>
